<?xml version="1.0" encoding="UTF-8"?><collection xmlns="http://www.loc.gov/MARC21/slim"><record><leader>00604nam--2200205-i-4500</leader><controlfield tag="001">000029026</controlfield><controlfield tag="002">20161230</controlfield><controlfield tag="005">20161230201037</controlfield><controlfield tag="008">060222s1000------------r-----000-0-eng-d</controlfield><datafield ind1=" " ind2=" " tag="020"><subfield code="a">0124447201</subfield></datafield><datafield ind1=" " ind2=" " tag="041"><subfield code="a">IFIN-HH</subfield></datafield><datafield ind1=" " ind2=" " tag="080"><subfield code="a">530.182:535.33:621.375.826</subfield></datafield><datafield ind1="1" ind2=" " tag="100"><subfield code="a">Levenson, Marc D</subfield></datafield><datafield ind1="1" ind2="0" tag="245"><subfield code="a">Introduction to nonlinear laser spectroscopy</subfield><subfield code="c">Marc d. levenson</subfield></datafield><datafield ind1=" " ind2=" " tag="260"><subfield code="a">TORONTO</subfield><subfield code="b">Academic Press</subfield><subfield code="c">1982</subfield></datafield><datafield ind1=" " ind2=" " tag="300"><subfield code="a">XIII + 256P</subfield></datafield><datafield ind1=" " ind2=" " tag="490"><subfield code="a">Quantum Electronics - Principles And Applications</subfield></datafield><datafield ind1="0" ind2=" " tag="650"><subfield code="a">Intr.to Nonlinear Optics</subfield></datafield><datafield ind1=" " ind2=" " tag="852"><subfield code="a">71387</subfield><subfield code="c">535.33</subfield></datafield><datafield ind1=" " ind2=" " tag="CAT"><subfield code="a">Sys</subfield><subfield code="c">20101217</subfield><subfield code="h">083443</subfield></datafield></record></collection>